@article{resnick2009scratch,
  title={Scratch: programming for all},
  author={Resnick, Mitchel and Maloney, John and Monroy-Hern{\'a}ndez, Andr{\'e}s and Rusk, Natalie and Eastmond, Evelyn and Brennan, Karen and Millner, Amon and Rosenbaum, Eric and Silver, Jay and Silverman, Brian and others},
  journal={Communications of the ACM},
  volume={52},
  number={11},
  pages={60--67},
  year={2009},
  publisher={ACM}
}

@inproceedings{anyboard_article,
  title={Making interactive board games to learn: Reflections on AnyBoard},
  author={Mora, Simone, Fagerbekk, Tomas, Di Loreto, Ines and Divitini, Monica},
  booktitle={In Proceedings of the Workshop of Making as a Pathway to Foster Joyful Engagement and Creativity in Learning (Make2Learn 2015), CEUR-WS, Vol. 1450},
  year={2015},
  pages={29-36}
}


@incollection{di2012don,
  title={Don’t Panic: Enhancing Soft Skills for Civil Protection Workers},
  author={Di Loreto, Ines and Mora, Simone and Divitini, Monica},
  booktitle={Serious Games Development and Applications},
  pages={1--12},
  year={2012},
  publisher={Springer}
}

@misc{research2guidance_cpt_benchmark2014,
    author = {research2guidance},
    title = {Cross-Platform Tool Benchmarking 2014},
    howpublished = "\href{http://research2guidance.com/cross-platform-tool-benchmarking-2014/}{research2guidance.com/cross-platform-tool-benchmarking-2014}",
    year={2014},
    note = "[Online, accessed 2015-04-21]",
}

@inproceedings{al2008designing,
  title={Designing and evaluating the tabletop game experience for senior citizens},
  author={Al Mahmud, Abdullah and Mubin, Omar and Shahid, Suleman and Martens, Jean-Bernard},
  booktitle={Proceedings of the 5th Nordic conference on Human-computer interaction: building bridges},
  pages={403--406},
  year={2008},
  organization={ACM}
}

@inproceedings{mandryk2002false,
  title={False prophets: exploring hybrid board/video games},
  author={Mandryk, Regan L and Maranan, Diego S},
  booktitle={CHI'02 extended abstracts on Human factors in computing systems},
  pages={640--641},
  year={2002},
  organization={ACM}
}

@misc{appindex_cpt_comparison,
    author = {Christopher Reynolds},
    title = {Ten of the Best Cross-Platform Mobile Development Tools for Enterprises},
    howpublished = "\href{http://appindex.com/blog/ten-best-cross-platform-development-mobile-enterprises/}{http://appindex.com/blog/ten-best-cross-platform-development-mobile-enterprises/}",
    year={2014},
    note = "[Online, accessed 2015-04-21]",
}

@misc{developereconomics_cpt_comparison,
    author = {Jim Cowart},
    title = {Pros and Cons of the Top 5 Cross-Platform Tools},
    howpublished = "\href{http://www.developereconomics.com/pros-cons-top-5-cross-platform-tools/}{http://www.developereconomics.com/pros-cons-top-5-cross-platform-tools/}",
    year={2015},
    note = "[Online, accessed 2015-04-21]",
}

@misc{thinkapps_cpt_comparison,
    author = {Cheslea Baldwin},
    title = {Should I Develop for iOS or Android? 10 Cross-Platform Tools That Make Both Possible},
    howpublished = "\href{http://thinkapps.com/blog/development/develop-for-ios-v-android-cross-platform-tools/}{http://thinkapps.com/blog/development/develop-for-ios-v-android-cross-platform-tools/}",
    year={2014},
    note = "[Online, accessed 2015-04-21]",
}

% ToyVision, Based on tabletops
@article{marco2014lowering, 
  title={Lowering the threshold and raising the ceiling of tangible expressiveness in hybrid board-games},
  author={Marco, Javier and Cerezo, Eva and Baldassarri, Sandra},
  journal={Multimedia Tools and Applications},
  pages={1--39},
  year={2014},
  publisher={Springer}
}

@inproceedings{marco2012toyvision,
  title={ToyVision: a toolkit for prototyping tabletop tangible games},
  author={Marco, Javier and Cerezo, Eva and Baldassarri, Sandra},
  booktitle={Proceedings of the 4th ACM SIGCHI symposium on Engineering interactive computing systems},
  pages={71--80},
  year={2012},
  organization={ACM}
}

@book{rettig2012professional,
  title={Professional HTML5 mobile game development},
  author={Rettig, Pascal},
  year={2012},
  publisher={John Wiley \& Sons}
}

@misc{search_for_javascript_ge,
    author = {Adam Holden},
    title = {The search for a JavaScript Game Engine},
    howpublished = "\href{http://www.adam-holden.com/blog/category/game-development/crafty/}{adam-holden.com/blog/category/game-development/crafty/}",
    year={2014},
    note = "[Online, aksessert 2015-06-05]",
}

@misc{phaser_vs_craftyjs,
    author = {ashes999 (Github user)},
    title = {Phaser vs CraftyJS},
    howpublished = "\href{http://ashes999.github.io/javascript-blog/2014/10/06/phaser-vs-craftyjs/}{ashes999.github.io/javascript-blog/2014/10/06/phaser-vs-craftyjs/}",
    year={2014},
    note = "[Online, aksessert 2015-06-05]",
}


% EKSEMPELDATA
@misc{ntnu_arbeidsundersokelse_2012,
    author = {Personalavdelingen, NTNU},
    title = {Resultat arbeidsmiljøundersøkelse 2012, NTNU som helhet},
    howpublished = "\href{https://innsida.ntnu.no/wiki/-/wiki/Norsk/Arbeidsmilj\%C3\%B8unders\%C3\%B8kelse}{https://innsida.ntnu.no/wiki/-/wiki/Norsk/Arbeidsmilj\%C3\%B8unders\%C3\%B8kelse}",
    year={2012},
    note = "[Online, aksessert 2014-11-2]",
}

@article{adair1984hawthorne,
  title={The Hawthorne effect: A reconsideration of the methodological artifact.},
  author={Adair, John G},
  journal={Journal of applied psychology},
  volume={69},
  number={2},
  pages={334},
  year={1984},
  publisher={American Psychological Association}
}

@inproceedings{deterding2011gamification,
  title={Gamification. using game-design elements in non-gaming contexts},
  author={Deterding, Sebastian and Sicart, Miguel and Nacke, Lennart and O'Hara, Kenton and Dixon, Dan},
  booktitle={CHI'11 Extended Abstracts on Human Factors in Computing Systems},
  pages={2425--2428},
  year={2011},
  organization={ACM}
}

@inproceedings{bakker2007weathergods,
  title={Weathergods: tangible interaction in a digital tabletop game},
  author={Bakker, Saskia and Vorstenbosch, Debby and van den Hoven, Elise and Hollemans, Gerard and Bergman, Tom},
  booktitle={Proceedings of the 1st international conference on Tangible and embedded interaction},
  year={2007},
  organization={ACM}
}

@article{leitner2009physical,
  title={Physical interfaces for tabletop games},
  author={Leitner, Jakob and Haller, Michael and Yun, Kyungdahm and Woo, Woontack and Sugimoto, Maki and Inami, Masahiko and Cheok, Adrian David and Been-Lirn, Henry D},
  journal={Computers in Entertainment (CIE)},
  volume={7},
  number={4},
  pages={61},
  year={2009},
  publisher={ACM}
}

@inproceedings{magerkurth2004towards,
  title={Towards the next generation of tabletop gaming experiences},
  author={Magerkurth, Carsten and Memisoglu, Maral and Engelke, Timo and Streitz, Norbert},
  booktitle={Proceedings of Graphics interface 2004},
  pages={73--80},
  year={2004},
  organization={Canadian Human-Computer Communications Society}
}

@article{kaltenbrunner2007reactivision,
  title={reacTIVision: a computer-vision framework for table-based tangible interaction},
  author={Kaltenbrunner, Martin and Bencina, Ross},
  booktitle={Proceedings of the 1st international conference on Tangible and embedded interaction},
  pages={69--74},
  year={2007},
  organization={ACM}
}

@article{magerkurth2012hybrid,
  title={Hybrid gaming environments: keeping the human in the loop within the Internet of things},
  author={Magerkurth, Carsten},
  journal={Universal Access in the Information Society},
  volume={11},
  number={3},
  pages={273--283},
  year={2012},
  publisher={Springer}
}

@book{kent2010ultimate,
  title={The Ultimate History of Video Games: from Pong to Pokemon and beyond... the story behind the craze that touched our li ves and changed the world},
  author={Kent, Steven},
  year={2010},
  publisher={Random House LLC},
  pages={43-45}
}